@book{chen1999linear,
  title={Linear System Theory and Design},
  author={Chen, C.T.},
  isbn={9780195117776},
  series={Oxford series in electrical and computer engineering},
  year={1999},
  publisher={Oxford University Press}
}
